[gd_scene load_steps=10 format=2]

[ext_resource path="res://game/scenes/ui_temp.tscn" type="PackedScene" id=1]
[ext_resource path="res://game/scenes/ui_hull.tscn" type="PackedScene" id=2]
[ext_resource path="res://game/scenes/ui_progress.tscn" type="PackedScene" id=3]
[ext_resource path="res://game/assets/ui_progress_frame.png" type="Texture" id=4]
[ext_resource path="res://game/fonts/ui12.tres" type="DynamicFont" id=5]
[ext_resource path="res://game/fonts/ui24.tres" type="DynamicFont" id=6]
[ext_resource path="res://game/scenes/ui_play.gd" type="Script" id=7]
[ext_resource path="res://game/fonts/ui48.tres" type="DynamicFont" id=8]

[sub_resource type="Animation" id=1]
resource_name = "sway"
length = 4.0
loop = true
tracks/0/type = "value"
tracks/0/path = NodePath(".:rect_rotation")
tracks/0/interp = 1
tracks/0/loop_wrap = true
tracks/0/imported = false
tracks/0/enabled = true
tracks/0/keys = {
"times": PoolRealArray( 0, 1, 2, 3, 4 ),
"transitions": PoolRealArray( 1, 1, 1, 1, 1 ),
"update": 0,
"values": [ 0.0, 10.0, 0.0, -10.0, 0.0 ]
}

[node name="Play" type="Control"]
anchor_right = 1.0
anchor_bottom = 1.0
mouse_filter = 2
script = ExtResource( 7 )
__meta__ = {
"_edit_use_anchors_": true
}

[node name="Debug" type="Label" parent="."]
anchor_top = 1.0
anchor_bottom = 1.0
margin_top = -369.0
margin_right = 277.0
text = "
"
__meta__ = {
"_edit_use_anchors_": false
}

[node name="Progress" parent="." instance=ExtResource( 3 )]
anchor_left = 1.0
anchor_top = 0.5
anchor_right = 1.0
anchor_bottom = 0.5
margin_left = -40.0
mouse_filter = 2

[node name="TextureRect" type="TextureRect" parent="."]
self_modulate = Color( 1, 1, 1, 0.470588 )
anchor_left = 1.0
anchor_top = 0.5
anchor_right = 1.0
anchor_bottom = 0.5
margin_left = -100.0
margin_top = -205.0
margin_bottom = 100.0
rect_scale = Vector2( 1.7, 1.05 )
mouse_filter = 2
texture = ExtResource( 4 )
__meta__ = {
"_edit_use_anchors_": false
}

[node name="Temp" parent="." instance=ExtResource( 1 )]
anchor_left = 1.0
anchor_top = 0.5
anchor_right = 1.0
anchor_bottom = 0.5
margin_left = -80.0
margin_top = -200.0
mouse_filter = 2

[node name="Hull" parent="." instance=ExtResource( 2 )]
anchor_left = 1.0
anchor_top = 0.5
anchor_right = 1.0
anchor_bottom = 0.5
margin_left = -95.0
margin_top = -200.0
mouse_filter = 2

[node name="Score" type="Label" parent="."]
margin_left = 10.0
margin_top = 10.0
margin_right = 150.0
margin_bottom = 22.0
custom_fonts/font = ExtResource( 5 )
text = "SCORE"
align = 1
valign = 1
__meta__ = {
"_edit_use_anchors_": false
}

[node name="_Score" type="Label" parent="Score"]
margin_left = 9.0
margin_top = 13.0
margin_right = 136.0
margin_bottom = 37.0
custom_fonts/font = ExtResource( 6 )
text = "0"
align = 1
valign = 1
__meta__ = {
"_edit_use_anchors_": false
}

[node name="Miles" type="Label" parent="."]
anchor_left = 0.5
anchor_right = 0.5
margin_left = -70.0
margin_top = 34.0
margin_right = 70.0
margin_bottom = 46.0
custom_fonts/font = ExtResource( 5 )
text = "MILES"
align = 1
valign = 1
__meta__ = {
"_edit_use_anchors_": false
}

[node name="_Miles" type="Label" parent="Miles"]
margin_left = 8.0
margin_top = 13.0
margin_right = 133.0
margin_bottom = 37.0
custom_fonts/font = ExtResource( 6 )
text = "0"
align = 1
valign = 1
__meta__ = {
"_edit_use_anchors_": false
}

[node name="Multiplier" type="Label" parent="."]
anchor_left = 1.0
anchor_top = 1.0
anchor_right = 1.0
anchor_bottom = 1.0
margin_left = -527.326
margin_top = -898.337
margin_right = -387.326
margin_bottom = -886.337
custom_fonts/font = ExtResource( 5 )
text = "BONUS"
align = 1
valign = 1
__meta__ = {
"_edit_use_anchors_": false
}

[node name="_Multiplier" type="Label" parent="Multiplier"]
anchor_top = 1.0
anchor_bottom = 1.0
margin_left = 6.0
margin_top = 7.0
margin_right = 131.0
margin_bottom = 55.0
rect_pivot_offset = Vector2( 63, 24 )
custom_fonts/font = ExtResource( 8 )
text = "x1"
align = 1
valign = 1
__meta__ = {
"_edit_use_anchors_": false
}

[node name="AnimationPlayer" type="AnimationPlayer" parent="Multiplier/_Multiplier"]
autoplay = "sway"
playback_speed = 5.0
anims/sway = SubResource( 1 )

[node name="HiScore" type="Label" parent="."]
anchor_left = 1.0
anchor_right = 1.0
margin_left = -155.0
margin_top = 10.0
margin_right = -5.0
margin_bottom = 22.0
custom_fonts/font = ExtResource( 5 )
text = "HI SCORE"
align = 1
valign = 1
__meta__ = {
"_edit_use_anchors_": false
}

[node name="_HiScore" type="Label" parent="HiScore"]
margin_left = 8.0
margin_top = 13.0
margin_right = 145.0
margin_bottom = 37.0
custom_fonts/font = ExtResource( 6 )
text = "0"
align = 1
valign = 1
__meta__ = {
"_edit_use_anchors_": false
}

[node name="_Time" type="Label" parent="."]
margin_left = 208.0
margin_top = 7.0
margin_right = 333.0
margin_bottom = 31.0
custom_fonts/font = ExtResource( 6 )
text = "0"
align = 1
valign = 1
__meta__ = {
"_edit_use_anchors_": false
}

[node name="Label" type="Label" parent="."]
margin_left = 461.299
margin_top = 270.331
margin_right = 501.299
margin_bottom = 284.331
rect_rotation = -90.7228
custom_colors/font_color = Color( 0, 0, 0, 1 )
text = "TEMP"
__meta__ = {
"_edit_use_anchors_": false
}

[node name="Label2" type="Label" parent="."]
margin_left = 441.7
margin_top = 271.484
margin_right = 481.7
margin_bottom = 285.484
rect_rotation = -90.7228
custom_colors/font_color = Color( 0, 0, 0, 1 )
text = "HULL"
__meta__ = {
"_edit_use_anchors_": false
}
