[gd_scene load_steps=34 format=2]

[ext_resource path="res://addons/rmsmartshape/shapes/shape_closed.gd" type="Script" id=1]
[ext_resource path="res://game/assets/layer_lower_edge.png" type="Texture" id=2]
[ext_resource path="res://game/assets/layer_lower.png" type="Texture" id=5]
[ext_resource path="res://addons/rmsmartshape/vertex_properties.gd" type="Script" id=6]
[ext_resource path="res://addons/rmsmartshape/materials/edge_material_metadata.gd" type="Script" id=7]
[ext_resource path="res://addons/rmsmartshape/normal_range.gd" type="Script" id=8]
[ext_resource path="res://addons/rmsmartshape/materials/edge_material.gd" type="Script" id=9]
[ext_resource path="res://addons/rmsmartshape/shapes/point_array.gd" type="Script" id=10]
[ext_resource path="res://addons/rmsmartshape/shapes/point.gd" type="Script" id=11]
[ext_resource path="res://addons/rmsmartshape/materials/shape_material.gd" type="Script" id=12]

[sub_resource type="Resource" id=1]
script = ExtResource( 6 )
texture_idx = 0
flip = false
width = 1.0

[sub_resource type="Resource" id=2]
script = ExtResource( 11 )
position = Vector2( -59.7954, 9.92002 )
point_in = Vector2( -148.332, 118.366 )
point_out = Vector2( 148.332, -118.366 )
properties = SubResource( 1 )

[sub_resource type="Resource" id=3]
script = ExtResource( 6 )
texture_idx = 3
flip = false
width = 1.0

[sub_resource type="Resource" id=4]
script = ExtResource( 11 )
position = Vector2( 724.122, 84.2639 )
point_in = Vector2( -92.895, -112.373 )
point_out = Vector2( 92.895, 112.373 )
properties = SubResource( 3 )

[sub_resource type="Resource" id=5]
script = ExtResource( 6 )
texture_idx = 0
flip = false
width = 1.0

[sub_resource type="Resource" id=6]
script = ExtResource( 11 )
position = Vector2( -59.7954, 9.92002 )
point_in = Vector2( -148.332, 118.366 )
point_out = Vector2( 148.332, -118.366 )
properties = SubResource( 5 )

[sub_resource type="Resource" id=7]
script = ExtResource( 6 )
texture_idx = 0
flip = false
width = 1.0

[sub_resource type="Resource" id=8]
script = ExtResource( 11 )
position = Vector2( 590.922, 758.685 )
point_in = Vector2( 0, 0 )
point_out = Vector2( 0, 0 )
properties = SubResource( 7 )

[sub_resource type="Resource" id=9]
script = ExtResource( 6 )
texture_idx = 0
flip = false
width = 1.0

[sub_resource type="Resource" id=10]
script = ExtResource( 11 )
position = Vector2( -70.906, 667.796 )
point_in = Vector2( 0, 0 )
point_out = Vector2( 0, 0 )
properties = SubResource( 9 )

[sub_resource type="Resource" id=11]
script = ExtResource( 6 )
texture_idx = 0
flip = false
width = 1.0

[sub_resource type="Resource" id=12]
script = ExtResource( 11 )
position = Vector2( 434.962, -47.667 )
point_in = Vector2( -134.329, 73.9709 )
point_out = Vector2( 134.329, -73.9709 )
properties = SubResource( 11 )

[sub_resource type="Resource" id=13]
script = ExtResource( 10 )
_points = {
0: SubResource( 2 ),
1: SubResource( 4 ),
3: SubResource( 6 ),
4: SubResource( 8 ),
5: SubResource( 10 ),
6: SubResource( 12 )
}
_point_order = [ 0, 6, 1, 4, 5, 3 ]
_constraints = {
[ 0, 3 ]: 15
}
_next_key = 7

[sub_resource type="Resource" id=14]
script = ExtResource( 8 )
begin = 0.0
distance = 0.0
edgeRendering = Vector2( 0, 0 )

[sub_resource type="Resource" id=15]
script = ExtResource( 7 )
normal_range = SubResource( 14 )
weld = true
render = false
z_index = 0
z_as_relative = true
offset = 0.0

[sub_resource type="Resource" id=16]
script = ExtResource( 8 )
begin = 0.0
distance = 0.0
edgeRendering = Vector2( 0, 0 )

[sub_resource type="Resource" id=17]
script = ExtResource( 7 )
normal_range = SubResource( 16 )
weld = true
render = false
z_index = 0
z_as_relative = true
offset = 0.0

[sub_resource type="Resource" id=18]
script = ExtResource( 8 )
begin = 0.0
distance = 0.0
edgeRendering = Vector2( 0, 0 )

[sub_resource type="Resource" id=19]
script = ExtResource( 7 )
normal_range = SubResource( 18 )
weld = true
render = false
z_index = 0
z_as_relative = true
offset = 0.0

[sub_resource type="Resource" id=20]
script = ExtResource( 9 )
textures = [ ExtResource( 2 ) ]
texture_normals = [  ]
textures_corner_outer = [  ]
textures_corner_inner = [  ]
texture_normals_corner_outer = [  ]
texture_normals_corner_inner = [  ]
textures_taper_left = [  ]
textures_taper_right = [  ]
texture_normals_taper_left = [  ]
texture_normals_taper_right = [  ]
use_corner_texture = true
use_taper_texture = true
fit_mode = 0

[sub_resource type="Resource" id=21]
script = ExtResource( 8 )
begin = 0.0
distance = 0.0
edgeRendering = Vector2( 0, 0 )

[sub_resource type="Resource" id=22]
script = ExtResource( 7 )
edge_material = SubResource( 20 )
normal_range = SubResource( 21 )
weld = true
render = true
z_index = 0
z_as_relative = true
offset = 0.0

[sub_resource type="Resource" id=23]
script = ExtResource( 12 )
_edge_meta_materials = [ SubResource( 22 ) ]
fill_textures = [ ExtResource( 5 ) ]
fill_texture_normals = [  ]
fill_texture_z_index = -10
fill_mesh_offset = 0.0
render_offset = 0.0

[node name="LayerLower1" type="Node2D"]
z_index = -999

[node name="LayerShape" type="StaticBody2D" parent="."]
collision_layer = 4

[node name="SS2D_Shape_Closed" type="Node2D" parent="LayerShape"]
script = ExtResource( 1 )
_points = SubResource( 13 )
material_overrides = {
[ 4, 5 ]: SubResource( 17 ),
[ 1, 4 ]: SubResource( 19 ),
[ 5, 3 ]: SubResource( 15 )
}
shape_material = SubResource( 23 )
tessellation_stages = 5
tessellation_tolerence = 4.0
flip_edges = false
render_edges = true
collision_size = 32.0
collision_offset = 0.0
collision_polygon_node_path = NodePath("../CollisionPolygon2D")

[node name="CollisionPolygon2D" type="CollisionPolygon2D" parent="LayerShape"]
visible = false
modulate = Color( 1, 1, 1, 0.3 )
polygon = PoolVector2Array( -59.8034, 9.90998, -45.7137, -0.459531, -31.2764, -9.43057, -16.5172, -17.0872, -1.46596, -23.5252, 29.4264, -33.0392, 61.1954, -38.6319, 93.6272, -40.9995, 126.516, -40.8242, 192.834, -35.5218, 321.846, -24.1359, 352.131, -25.0471, 381.217, -28.8268, 395.245, -31.9956, 408.894, -36.1425, 422.139, -41.3429, 434.962, -47.667, 459.316, -59.632, 482.135, -67.8765, 503.564, -72.6125, 513.804, -73.7326, 523.75, -74.0739, 533.423, -73.651, 542.843, -72.4912, 552.027, -70.6217, 560.999, -68.0816, 578.368, -61.0506, 595.092, -51.6, 611.329, -39.9681, 627.237, -26.3786, 658.65, 5.83217, 724.128, 84.2594, 728.263, 89.8452, 731.928, 96.0776, 735.151, 102.921, 737.955, 110.35, 742.31, 126.887, 745.098, 145.504, 746.348, 188.232, 742.519, 237.052, 722.812, 347.04, 692.369, 463.618, 592.83, 761.786, -73.0371, 670.009, -120.998, 383.248, -128.519, 270.093, -124.142, 162.645, -115.919, 114.582, -110.035, 92.5815, -102.876, 72.1659, -94.3539, 53.5122, -84.3919, 36.7956, -72.896, 22.2054, -66.5496, 15.764 )
