[gd_resource type="Resource" load_steps=12 format=2]

[ext_resource path="res://game/resources/layer_resource.gd" type="Script" id=1]
[ext_resource path="res://game/layers/layer_inner_1.tscn" type="PackedScene" id=2]
[ext_resource path="res://game/resources/layer_pickup_resource.gd" type="Script" id=3]

[sub_resource type="Resource" id=1]
script = ExtResource( 3 )
pickup = "cobalt"
weight = 1.0

[sub_resource type="Resource" id=2]
script = ExtResource( 3 )
pickup = "tungsten"
weight = 3.0

[sub_resource type="Resource" id=3]
script = ExtResource( 3 )
pickup = "gas"
weight = 1.0

[sub_resource type="Resource" id=4]
script = ExtResource( 3 )
pickup = "lava"
weight = 2.0

[sub_resource type="Resource" id=5]
script = ExtResource( 3 )
pickup = "rock"
weight = 0.1

[sub_resource type="Resource" id=6]
script = ExtResource( 3 )
pickup = "quartz"
weight = 1.0

[sub_resource type="Resource" id=7]
script = ExtResource( 3 )
pickup = "saphire"
weight = 1.0

[sub_resource type="Resource" id=8]
script = ExtResource( 3 )
pickup = "diamond"
weight = 2.0

[resource]
script = ExtResource( 1 )
id = "inner"
name = "Inner Core"
thickness = 30
next_layer = ""
temp = 8
hull = 6
segments = [ ExtResource( 2 ) ]
pickups = [ SubResource( 1 ), SubResource( 2 ), SubResource( 3 ), SubResource( 4 ), SubResource( 5 ), SubResource( 6 ), SubResource( 7 ), SubResource( 8 ) ]
