[gd_scene load_steps=32 format=2]

[ext_resource path="res://game/ecs/components/pickup.tscn" type="PackedScene" id=1]
[ext_resource path="res://game/ecs/entities/pickup.gd" type="Script" id=2]
[ext_resource path="res://game/assets/pickup_lava-Sheet.png" type="Texture" id=3]
[ext_resource path="res://game/assets/layer_outer.png" type="Texture" id=4]

[sub_resource type="AtlasTexture" id=1]
atlas = ExtResource( 3 )
region = Rect2( 0, 0, 50, 64 )

[sub_resource type="AtlasTexture" id=2]
atlas = ExtResource( 3 )
region = Rect2( 50, 0, 50, 64 )

[sub_resource type="AtlasTexture" id=3]
atlas = ExtResource( 3 )
region = Rect2( 100, 0, 50, 64 )

[sub_resource type="AtlasTexture" id=4]
atlas = ExtResource( 3 )
region = Rect2( 150, 0, 50, 64 )

[sub_resource type="AtlasTexture" id=5]
atlas = ExtResource( 3 )
region = Rect2( 200, 0, 50, 64 )

[sub_resource type="AtlasTexture" id=6]
atlas = ExtResource( 3 )
region = Rect2( 250, 0, 50, 64 )

[sub_resource type="AtlasTexture" id=7]
atlas = ExtResource( 3 )
region = Rect2( 300, 0, 50, 64 )

[sub_resource type="AtlasTexture" id=8]
atlas = ExtResource( 3 )
region = Rect2( 350, 0, 50, 64 )

[sub_resource type="AtlasTexture" id=9]
atlas = ExtResource( 3 )
region = Rect2( 400, 0, 50, 64 )

[sub_resource type="AtlasTexture" id=10]
atlas = ExtResource( 3 )
region = Rect2( 450, 0, 50, 64 )

[sub_resource type="AtlasTexture" id=11]
atlas = ExtResource( 3 )
region = Rect2( 500, 0, 50, 64 )

[sub_resource type="AtlasTexture" id=12]
atlas = ExtResource( 3 )
region = Rect2( 550, 0, 50, 64 )

[sub_resource type="AtlasTexture" id=13]
atlas = ExtResource( 3 )
region = Rect2( 600, 0, 50, 64 )

[sub_resource type="AtlasTexture" id=14]
atlas = ExtResource( 3 )
region = Rect2( 650, 0, 50, 64 )

[sub_resource type="AtlasTexture" id=15]
atlas = ExtResource( 3 )
region = Rect2( 700, 0, 50, 64 )

[sub_resource type="AtlasTexture" id=16]
atlas = ExtResource( 3 )
region = Rect2( 750, 0, 50, 64 )

[sub_resource type="AtlasTexture" id=17]
atlas = ExtResource( 3 )
region = Rect2( 800, 0, 50, 64 )

[sub_resource type="AtlasTexture" id=18]
atlas = ExtResource( 3 )
region = Rect2( 850, 0, 50, 64 )

[sub_resource type="AtlasTexture" id=19]
atlas = ExtResource( 3 )
region = Rect2( 900, 0, 50, 64 )

[sub_resource type="AtlasTexture" id=20]
atlas = ExtResource( 3 )
region = Rect2( 950, 0, 50, 64 )

[sub_resource type="AtlasTexture" id=21]
atlas = ExtResource( 3 )
region = Rect2( 1000, 0, 50, 64 )

[sub_resource type="AtlasTexture" id=22]
atlas = ExtResource( 3 )
region = Rect2( 1050, 0, 50, 64 )

[sub_resource type="AtlasTexture" id=23]
atlas = ExtResource( 3 )
region = Rect2( 1100, 0, 50, 64 )

[sub_resource type="AtlasTexture" id=24]
atlas = ExtResource( 3 )
region = Rect2( 1150, 0, 50, 64 )

[sub_resource type="AtlasTexture" id=25]
atlas = ExtResource( 3 )
region = Rect2( 1200, 0, 50, 64 )

[sub_resource type="SpriteFrames" id=26]
animations = [ {
"frames": [ SubResource( 1 ), SubResource( 2 ), SubResource( 3 ), SubResource( 4 ), SubResource( 5 ), SubResource( 6 ), SubResource( 7 ), SubResource( 8 ), SubResource( 9 ), SubResource( 10 ), SubResource( 11 ), SubResource( 12 ), SubResource( 13 ), SubResource( 14 ), SubResource( 15 ), SubResource( 16 ), SubResource( 17 ), SubResource( 18 ), SubResource( 19 ), SubResource( 20 ), SubResource( 21 ), SubResource( 22 ), SubResource( 23 ), SubResource( 24 ), SubResource( 25 ) ],
"loop": true,
"name": "default",
"speed": 25.0
} ]

[sub_resource type="RectangleShape2D" id=27]
extents = Vector2( 18.1634, 7.13449 )

[node name="PickupGas" type="Area2D"]
z_index = 1
collision_layer = 2
script = ExtResource( 2 )

[node name="Sprite2" type="Sprite" parent="."]
position = Vector2( 9.53674e-07, 0 )
scale = Vector2( 0.78, 1.1 )
texture = ExtResource( 4 )

[node name="Sprite" type="AnimatedSprite" parent="."]
frames = SubResource( 26 )
frame = 13
playing = true

[node name="CollisionShape2D" type="CollisionShape2D" parent="."]
position = Vector2( 0, -14 )
shape = SubResource( 27 )

[node name="Components" type="Node" parent="."]

[node name="Pickup" parent="Components" instance=ExtResource( 1 )]
id = "lava"
type = "lava"
